<?xml version="1.0" encoding="UTF-8"?>
<record xmlns="http://www.loc.gov/MARC21/slim">
   <leader>01642cam a22002415  4500</leader>
   <controlfield tag="001">2579850</controlfield>
   <controlfield tag="003">NjP</controlfield>
   <controlfield tag="005">20190705144358.0</controlfield>
   <controlfield tag="008">990728m18939999tu            000 0 ara d</controlfield>
   <datafield tag="024" ind1="7" ind2=" ">
      <subfield code="a">princeton_aco004619</subfield>
      <subfield code="2">local</subfield>
   </datafield>
   <datafield ind1=" " ind2=" " tag="035">
      <subfield code="9">CMF1997TS</subfield>
   </datafield>
   <datafield ind1=" " ind2=" " tag="035">
      <subfield code="a">(NjP)2579850</subfield>
   </datafield>
   <datafield ind1=" " ind2=" " tag="040">
      <subfield code="a">PUL</subfield>
      <subfield code="c">PUL</subfield>
      <subfield code="d">PUL</subfield>
   </datafield>
   <datafield ind1=" " ind2=" " tag="049">
      <subfield code="a">PULL</subfield>
   </datafield>
   <datafield ind1=" " ind2=" " tag="035">
      <subfield code="a">(OCoLC)ocm41973124</subfield>
   </datafield>
   <datafield ind1="0" ind2="0" tag="245">
      <subfield code="6">880-01</subfield>
      <subfield code="a">Majmūʻat al-Shāfiyah ...</subfield>
      <subfield code="b">[taḥtawī ʻalā] Matn al-Shāfiyah wa-sharḥuhā lil- ʻallāmah al-Jārbardī wa-ḥashiyat al-Jārbardī li-Ibn Jamāʻah, wa-ḥāshiyah ukhrā lil-Ḥusayn al-Rūmī al-musammā bi-Badr al-Kāfiyah fī ḥall sharḥ al-Shāfiyah ... wa-sharḥ al-Shāfiyah lil-ʻallāmah ... Nuqrakār, wa-Minhāj al-Kāfiyah fī sharḥ al-Shāfiyah, li-Zakarīyā al-Anṣārī, wa-manẓūmat al-Shafiyah wa-sharḥuha lil-Karmiyānī al-mutakhalliṣ bi-Sharịfī.̄</subfield>
   </datafield>
   <datafield ind1=" " ind2=" " tag="260">
      <subfield code="a">[Istanbul]</subfield>
      <subfield code="c">1310- [1893-</subfield>
   </datafield>
   <datafield ind1=" " ind2=" " tag="300">
      <subfield code="a">v.</subfield>
      <subfield code="c">27 cm.</subfield>
   </datafield>
   <datafield ind1=" " ind2=" " tag="546">
      <subfield code="a">In Arabic.</subfield>
   </datafield>
   <datafield ind1="0" ind2="0" tag="880">
      <subfield code="6">245-01/r</subfield>
      <subfield code="a">مجموعة الشافية ...</subfield>
      <subfield code="b">[تحتوي علا] متن الشافية وشرحها لل علامة الجاربردي وحشية الجاربردي لابن جماعة، وحاشية اخرا للحسين الرومي المسما ببدر الكافية في حل شرح الشافية ... وشرح الشافية للعلامة ... نقركار، ومنهاج الكافية في شرح الشافية، لزكريا الانصاري، ومنظومة الشفية وشرحه للكرمياني المتخلص بشرفي.</subfield>
   </datafield>
   <datafield ind1="4" ind2=" " tag="856">
      <subfield code="u">http://hdl.handle.net/2027/njp.32101063974529</subfield>
   </datafield>
   <datafield ind1=" " ind2=" " tag="911">
      <subfield code="a">19991015</subfield>
   </datafield>
   <datafield ind1=" " ind2=" " tag="994">
      <subfield code="a">C0</subfield>
      <subfield code="b">PUL</subfield>
   </datafield>
   <datafield ind1=" " ind2=" " tag="999">
      <subfield code="a">2579850</subfield>
   </datafield>
   <datafield ind1=" " ind2=" " tag="979">
      <subfield code="a">(OCoLC)ocn178222819</subfield>
   </datafield>
   <datafield ind1="8" ind2="1" tag="852">
      <subfield code="0">2884812</subfield>
      <subfield code="b">rcppa</subfield>
      <subfield code="t">1</subfield>
      <subfield code="h">2271.40883.802</subfield>
      <subfield code="x">tr fr anxa</subfield>
   </datafield>
   <datafield ind1=" " ind2="0" tag="866">
      <subfield code="0">2884812</subfield>
      <subfield code="8">0</subfield>
      <subfield code="a">v.1</subfield>
   </datafield>
   <datafield ind1="8" ind2=" " tag="852">
      <subfield code="0">8738550</subfield>
      <subfield code="b">elf1</subfield>
      <subfield code="h">Electronic Resource</subfield>
   </datafield>
   <datafield ind1=" " ind2=" " tag="959">
      <subfield code="a">2000-06-08 00:00:00 -0500</subfield>
   </datafield>
</record>
